<?xml version="1.0" encoding="UTF-8"?>
<record xmlns="http://www.loc.gov/MARC21/slim">
   <leader>01070cam a2200253 a 4500</leader>
   <controlfield tag="001">5344689</controlfield>
   <controlfield tag="003">NjP</controlfield>
   <controlfield tag="005">20181009174928.0</controlfield>
   <controlfield tag="008">820226s1952    jo       d    000 0 ara d</controlfield>
   <datafield tag="024" ind1="7" ind2=" ">
      <subfield code="a">princeton_aco004287</subfield>
      <subfield code="2">local</subfield>
   </datafield>
   <datafield ind1=" " ind2=" " tag="035">
      <subfield code="a">(OCoLC)ocm08196875</subfield>
   </datafield>
   <datafield ind1=" " ind2=" " tag="035">
      <subfield code="a">(OCoLC)8196875</subfield>
   </datafield>
   <datafield ind1=" " ind2=" " tag="040">
      <subfield code="a">NSA</subfield>
      <subfield code="c">NSA</subfield>
      <subfield code="d">OCL</subfield>
      <subfield code="d">OCLCQ</subfield>
      <subfield code="d">NjP</subfield>
   </datafield>
   <datafield ind1=" " ind2="4" tag="050">
      <subfield code="a">U25</subfield>
      <subfield code="b">.Q258 1952</subfield>
   </datafield>
   <datafield ind1="0" ind2="3" tag="245">
      <subfield code="a">al-Qāmūs al-ʻaskarī :</subfield>
      <subfield code="b">Inklīzī-ʻArabī = Military dictionary : English Arabic.</subfield>
   </datafield>
   <datafield ind1="3" ind2="1" tag="246">
      <subfield code="a">Military dictionary, English-Arabic</subfield>
   </datafield>
   <datafield ind1="3" ind2=" " tag="246">
      <subfield code="a">Arab Legion military dictionary</subfield>
   </datafield>
   <datafield ind1=" " ind2=" " tag="250">
      <subfield code="a">1st ed.</subfield>
   </datafield>
   <datafield ind1=" " ind2=" " tag="260">
      <subfield code="a">[Amman? :</subfield>
      <subfield code="b">n.s.],</subfield>
      <subfield code="c">1952.</subfield>
   </datafield>
   <datafield ind1=" " ind2=" " tag="300">
      <subfield code="a">196 p. ;</subfield>
      <subfield code="c">25 cm.</subfield>
   </datafield>
   <datafield ind1=" " ind2=" " tag="500">
      <subfield code="a">Equivalents of English words given in phonetic Arabic and Arabic words phonetic English.</subfield>
   </datafield>
   <datafield ind1=" " ind2="0" tag="650">
      <subfield code="a">Military art and science</subfield>
      <subfield code="v">Dictionaries.</subfield>
      <subfield code="0">http://id.loc.gov/authorities/subjects/sh85085137</subfield>
   </datafield>
   <datafield ind1=" " ind2="0" tag="650">
      <subfield code="a">English language</subfield>
      <subfield code="v">Dictionaries</subfield>
      <subfield code="x">Arabic.</subfield>
      <subfield code="0">http://id.loc.gov/authorities/subjects/sh2008102611</subfield>
   </datafield>
   <datafield ind1="1" ind2=" " tag="710">
      <subfield code="a">Jordan.</subfield>
      <subfield code="b">Jaysh al-ʻArabī.</subfield>
      <subfield code="0">http://id.loc.gov/authorities/names/n84228555</subfield>
   </datafield>
   <datafield ind1=" " ind2=" " tag="904">
      <subfield code="a">cjf</subfield>
      <subfield code="b">o</subfield>
      <subfield code="h">m</subfield>
      <subfield code="c">b</subfield>
      <subfield code="e">20080107</subfield>
   </datafield>
   <datafield ind1=" " ind2=" " tag="902">
      <subfield code="a">rs</subfield>
      <subfield code="b">m</subfield>
      <subfield code="6">a</subfield>
      <subfield code="7">m</subfield>
      <subfield code="d">v</subfield>
      <subfield code="f">1</subfield>
      <subfield code="e">20080226</subfield>
   </datafield>
   <datafield ind1="0" ind2=" " tag="852">
      <subfield code="0">5506381</subfield>
      <subfield code="b">rcppa</subfield>
      <subfield code="h">U25</subfield>
      <subfield code="i">.Q258 1952</subfield>
   </datafield>
   <datafield ind1=" " ind2=" " tag="959">
      <subfield code="a">2008-02-26 13:29:25 -0500</subfield>
   </datafield>
</record>
